1569 2740
0 683 168 1218 ἱ

0 1244 28 1850 1

172 816 281 859 irari
313 812 443 872 saepe
479 813 615 863 audio
643 812 840 866 multos,
874 827 988 870 quae
1022 786 1165 855 caussa
1200 811 1275 863 fit,
1311 826 1409 868 cur,

65 866 199 939 quem
247 890 452 944 veterum
499 880 887 941 philosophorum
932 896 1073 924 unum
1118 880 1410 940 politissimus

62 955 253 1007 quisque
286 955 566 1008 antiquimtis
596 954 737 994 iudex
777 954 829 996 in
862 950 1042 994 deliciis
1075 955 1273 993 maxime
1301 951 1410 995 sern-

60 1019 145 1076 'per
167 1019 351 1071 habuit,
410 1023 505 1064 eius
538 1022 606 1060 in
621 1020 841 1076 operibus
873 1017 948 1062 vel
981 1019 1036 1062 ad
1072 1021 1251 1061 criticas
1280 1018 1411 1077 leges

61 1086 351 1143 corrigendis
376 1087 448 1131 vel
479 1101 539 1130 ex
568 1087 828 1131 verborum
837 1101 1079 1143 rerumque
1112 1087 1326 1130 doctrina
1356 1087 1411 1130 il-

60 1151 306 1197 lustrandis
325 1164 416 1197 tam
454 1168 706 1212 paucorum
732 1153 1236 1197 elaboraritindustria.
1305 1150 1414 1199 Pla-

60 1218 222 1263 'tonem
247 1222 353 1269 dico
378 1222 525 1275 illum,
562 1224 689 1264 cuius
715 1220 877 1278 singuli
897 1235 1233 1279 nonnunquam
1257 1223 1409 1268 versus

5 1286 28 1337 ΞΤ
60 1291 359 1347 interpretis,
384 1346 386 1349 Ι
423 1293 620 1350 paginae
650 1287 847 1348 singulae
878 1289 1188 1334 emendatoris
1220 1305 1410 1351 operam

0 1366 18 1378 Τ*
61 1359 318 1413 requirunt.
385 1358 503 1403 Nam
527 1361 723 1417 primum
754 1358 862 1403 iibri
893 1361 950 1410 ii,
1006 1363 1082 1415 qui
1113 1358 1406 1419 philosophis

54 1425 349 1483 ‘largissimam
369 1418 595 1486 praebent
616 1427 853 1483 eleganter
882 1425 1244 1486 philosophandi
1267 1437 1407 1473 mate-

60 1495 191 1546 riam,
215 1490 521 1542 Parmenides,
541 1493 764 1550 Sophiste,
787 1492 995 1537 Philebus
1017 1494 1210 1551 aliique,
1236 1505 1406 1552 quanta

58 1560 133 1605 his
155 1561 306 1606 adhuc
327 1563 616 1622 tempoiibus
642 1561 913 1606 obscuritate
937 1571 1310 1621 argumentorum
1331 1568 1403 1608 in-

50 1624 209 1673 voluti
244 1627 418 1675 iacent!
489 1631 648 1688 Neque
685 1632 802 1675 adeo
836 1634 917 1682 iis,
962 1635 1038 1687 qui
1071 1639 1116 1675 et
1144 1632 1402 1676 111011ηά1Πί-

58 1710 233 1742 marum
272 1714 425 1744 rerum
458 1702 676 1744 varietate
710 1708 755 1743 et
790 1700 946 1743 divino
984 1698 1170 1743 dicendi
1205 1699 1401 1746 artificio

60 1769 268 1810 omnium
301 1768 443 1812 studia
465 1782 756 1813 commovere
787 1768 1002 1811 videntur
1024 1766 1175 1826 posse,
1220 1783 1401 1815 accura-

58 1842 153 1877 tam
184 1844 318 1893 atque
352 1852 412 1880 ex
442 1839 741 1880 interioribus
777 1835 943 1880 litteris
986 1837 1305 1894 depromptam
1334 1832 1406 1882 ifi-

57 1898 438 1961 terpretationem
462 1902 668 1961 obtigisse
692 1907 958 1962 reperimus.
1026 1903 1225 1956 Graecae
1249 1915 1401 1949 autem

60 1975 300 2025 orationis,
322 1973 395 2015 seu
420 1980 571 2015 textus
592 1987 726 2028 quem
752 1979 931 2023 vocant,
962 1971 1227 2015 constitutio
1249 1972 1326 2016 etsi
1350 1977 1401 2017 in

58 2038 235 2096 aliquot
269 2040 480 2099 Dialogis
515 2055 663 2098 nuper
692 2039 810 2083 facta
836 2039 898 2082 est
930 2040 1223 2097 diligentius,
1256 2039 1400 2102 longe

56 2115 210 2150 tamen
241 2112 389 2149 maior
419 2123 524 2166 pars
555 2122 718 2150 eorum
748 2107 899 2150 adhuc
927 2106 1048 2151 baud
1078 2113 1248 2167 exiguo
1274 2125 1401 2154 men·

57 2176 227 2219 dorum
261 2190 453 2219 numero
485 2176 690 2229 laborat;
732 2179 872 2218 immo
903 2175 1003 2218 sunt
1029 2179 1076 2218 in
1105 2169 1399 2234 longiorihue

57 2252 106 2287 et
139 2235 573 2304 praestantioribus,
625 2248 703 2302 qui
737 2244 898 2302 singuli
937 2253 1127 2288 centena
1161 2244 1259 2289 fere
1291 2250 1401 2293 vitia

58 2313 312 2358 occultent.
394 2313 622 2357 Nimirum
660 2315 869 2358 nondum
904 2317 1142 2369 quisquam
1171 2329 1232 2374 ex
1260 2328 1400 2375 mem·

58 2382 213 2426 branis
234 2382 392 2441 sedulo
414 2381 678 2441 conquisitis
700 2382 982 2440 philosopho
1005 2382 1190 2439 plenam
1211 2383 1401 2426 salutem

57 2448 104 2490 et
126 2452 436 2508 integritatem
460 2448 654 2494 reddere
682 2448 907 2507 aggressus
932 2450 1014 2501 es13
1038 2459 1263 2496 veterum
1295 2443 1403 2505 scr‘i4

55 2524 270 2573 ptorum,
309 2534 332 2561 a
356 2523 523 2577 quibus
552 2510 645 2563 loc³i
675 2519 810 2577 ipsius
833 2518 1022 2574 plurimi
1056 2517 1130 2567 vel
1150 2518 1399 2569 laudantur

55 2584 130 2628 vel
165 2585 501 2649 significantur,
543 2587 707 2646 scripta
736 2589 889 2631 omnia
921 2600 1061 2631 nemo
1093 2587 1294 2631 contulit
1322 2579 1402 2635 anit
