1569 2740
814 39 849 75 2

161 163 369 217 excusfit3
407 162 608 220 denique
631 176 689 205 ne
709 159 848 221 ipsam
869 160 1055 219 quidem
1070 158 1217 203 Ficini
1238 158 1503 214 translatio·

160 249 287 285 nem,
315 234 477 291 optimi
499 231 638 275 instar
661 233 836 275 codicis
860 230 1140 281 habendam,
1172 233 1413 286 quisquam
1434 227 1502 272 di·

158 302 359 360 ligenter
387 309 536 344 totam
579 300 854 358 exploravit.
930 296 1052 358 Quid
1093 294 1270 340 multa?
1352 297 1501 340 Etiam

158 372 282 414 nunc
303 374 614 429 principatum
635 378 764 412 tenet
791 365 1009 425 Stephani
1037 375 1191 410 textus
1207 399 1219 419 ,
1263 365 1502 423 praeclare

157 440 238 484 ille
263 440 450 497 quidem
472 438 649 498 passim,
680 446 748 491 at,
778 437 802 479 fi
824 441 871 480 in
895 435 1154 480 universum
1176 435 1399 484 aestimes,
1428 443 1501 476 tu-

158 507 402 568 multuaria
424 507 712 549 festinatione
737 514 944 550 curatus:
978 508 1107 562 isque
1132 508 1196 547 ita
1216 505 1497 556 dominatur,

160 586 211 621 ut
226 610 237 629 ,
273 577 351 620 nisi
378 576 659 620 excellentes
681 576 866 632 quidam
887 576 935 617 in
956 574 1048 617 hoc
1069 589 1235 632 genere
1260 577 1345 617 viri
1375 572 1499 631 spem

160 647 360 702 aliquam
388 642 594 686 fecissent
626 643 831 686 Platonis
864 640 1168 694 instaurandi,
1213 655 1496 699 magnopere

161 714 266 759 esset
288 712 561 764 verendum,
592 726 672 765 ne,
705 714 783 769 qui
804 710 968 754 saeculi
991 710 1131 754 nostri
1153 726 1253 754 mos
1275 709 1360 762 est,
1393 706 1495 751 Sce-
1564 729 1569 754 ..·

158 782 388 841 phaniana
413 779 615 824 recenfio
640 783 807 823 iterum
829 783 1086 835 iterumque
1108 782 1302 837 repetita
1327 792 1497 836 opero-
1554 796 1569 840 ³,

154 848 350 894 'fioribus
374 851 493 893 curis
515 851 564 890 in
589 845 781 906 longum
805 854 983 905 tempus
1008 850 1125 891 viam
1148 845 1420 891 obstrueret.

250 985 398 1029 Huius
431 986 568 1042 igitur
596 991 687 1026 tam
714 985 895 1040 iniquae
926 979 1274 1027 Platonicorum
1303 982 1494 1044 scripto·
1559 979 1569 993 ’

157 1071 260 1100 rum
288 1054 500 1097 fortunae
525 1066 740 1109 quasnam
769 1049 1046 1112 potissimum
1068 1051 1234 1097 caussas
1255 1052 1341 1098 esse
1371 1056 1493 1098 dice·
1567 1051 1569 1057 ¹

156 1120 291 1169 mus?
360 1120 480 1164 Mihi
517 1121 726 1176 quidem,
773 1134 871 1164 rem
903 1124 1097 1180 propius
1127 1124 1353 1176 intuenti,
1403 1122 1492 1167 visa
1566 1125 1569 1128 ’

157 1194 350 1236 omnino
387 1190 452 1234 est
484 1188 594 1233 iusta
637 1188 859 1245 quaedam
899 1198 944 1232 et
983 1189 1193 1233 constans
1228 1191 1491 1234 emendatio

155 1258 348 1302 illorum
391 1260 468 1299 vix
511 1257 647 1300 unius
693 1264 771 1300 aut
813 1254 1014 1301 hominis
1058 1265 1136 1300 aut
1183 1250 1341 1301 aetatis
1386 1259 1490 1302 esse.

155 1325 337 1371 Omitto
374 1338 616 1367 numerum
643 1322 895 1377 librorum,
941 1327 1018 1382 qui
1052 1324 1123 1369 vel
1155 1324 1276 1369 solus
1308 1327 1492 1385 pleros·

158 1410 247 1458 que
276 1406 299 1435 a
331 1392 412 1435 tali
442 1390 610 1436 co'natu
643 1393 892 1436 deterreatt
933 1392 1013 1452 ipfi
1044 1394 1162 1438 adeo
1193 1398 1316 1447 inter
1347 1395 1388 1439 se
1421 1397 1489 1441 di·

156 1460 268 1508 versi
298 1477 349 1504 ac
378 1460 612 1505 dissimiles
637 1460 760 1514 sunt,
795 1469 847 1504 ut
874 1464 922 1504 in
954 1462 1064 1506 duas
1090 1471 1213 1507 certe
1235 1462 1389 1509 classes
1410 1467 1488 1510 de-

154 1530 288 1575 scribi
309 1530 529 1581 debeant,
564 1543 755 1584 quarum
775 1528 914 1572 altera
935 1533 1075 1588 magis
1098 1531 1154 1573 ad
1174 1537 1489 1580 communium

152 1596 413 1659 litterarum
443 1600 643 1654 peritos,
686 1596 828 1639 altera
861 1597 916 1639 ad
951 1612 1030 1641 eos
1064 1603 1228 1655 magis,
1272 1604 1350 1657 qui
1383 1602 1489 1660 phi-

152 1662 411 1722 losophiam
439 1662 742 1720 profitentur,
783 1668 1015 1722 pertinere
1045 1667 1264 1711 videatur.
1329 1669 1396 1713 At
1425 1671 1485 1716 de

151 1729 448 1792 philosophia
483 1730 713 1784 Platonis,
753 1746 868 1788 quae
906 1733 1060 1776 multis
1097 1734 1199 1778 sane
1231 1735 1348 1780 locis
1383 1740 1483 1783 abs-

149 1797 321 1842 trusior
361 1798 446 1851 est,
493 1813 578 1840 nec
612 1813 715 1842 raro
752 1798 829 1841 fibi
860 1799 953 1858 ipsa
986 1815 1147 1860 parum
1188 1804 1386 1860 constat,
1434 1816 1486 1851 ut

148 1867 289 1927 plane
317 1867 375 1910 ad
404 1870 639 1911 veritatem
676 1868 927 1922 existimes,
978 1885 1073 1913 non
1112 1871 1259 1915 solum
1292 1873 1483 1934 ingenio

151 1951 270 1995 opus
292 1933 354 1978 est
376 1936 430 1977 ad
454 1950 551 1978 eam
578 1932 807 1979 scientiam
832 1952 855 1980 a
875 1946 1035 1981 natura
1058 1936 1205 1994 facto,
1240 1940 1312 1985 sed
1346 1948 1484 1989 etiam

123 2005 254 2060 tali,
292 2003 418 2061 quod
445 2002 727 2047 Graecorum
758 2005 1069 2063 antiquiorum
1099 2004 1304 2055 fontibus
1337 2000 1484 2057 nutriss

141 2080 272 2125 tum,
322 2071 486 2130 priscas
530 2081 574 2115 et
616 2074 837 2132 genuinas
877 2074 1235 2134 philosophandi
1277 2084 1482 2127 rationes

147 2153 310 2186 omnes
332 2141 599 2198 perbiberit.
666 2138 858 2185 Minime
882 2144 1004 2186 enim
1025 2144 1127 2190 satis
1151 2148 1238 2201 est,
1275 2149 1481 2206 vulgaria

145 2208 205 2252 de
230 2211 491 2267 principum
523 2208 712 2251 illorum
744 2210 939 2253 decretis
970 2225 1214 2274 praecepta
1244 2231 1304 2260 ex
1334 2232 1480 2263 novo-

140 2291 248 2322 rum
276 2278 660 2335 compendiorum
689 2276 903 2337 angustiis
934 2282 1175 2327 corrafisse.
1241 2287 1335 2329 Iam
1369 2274 1484 2331 vivi-⁸

141 2346 200 2391 da
221 2347 406 2390 accedat
428 2350 593 2389 mentis
616 2344 851 2404 sagacitas,
889 2363 1002 2405 quae
1022 2353 1224 2410 integras
1246 2349 1481 2414 proprias-

140 2430 229 2473 que
250 2413 517 2473 philosophi
537 2414 802 2469 sententias,
830 2419 1063 2461 interdum
1087 2421 1255 2465 callide
1278 2424 1480 2469 dissimu-

136 2482 277 2543 latas,
310 2482 607 2541 pervestiget,
653 2492 722 2536 et,
764 2499 880 2540 quae
908 2485 990 2528 ille
1020 2489 1305 2535 adumbravit
1333 2477 1481 2553 magis

135 2567 272 2619 quam
302 2550 541 2612 exposuit,
589 2552 747 2610 quoad
774 2551 874 2601 fieti
904 2554 1076 2619 potest,
1127 2557 1265 2618 ipsius
1287 2566 1357 2607 via
1378 2577 1478 2609 mo.

1559 172 1569 237 ,Ξῖ

1562 237 1569 310 ,ὲ

1560 310 1569 363 -;
