1569 2740
0 0 21 234 1
36 191 276 250 quendum
300 191 477 251 semper
497 192 697 245 habebo,
734 192 974 235 Platonica
994 188 1220 232 suavitate
1236 186 1292 235 fic
1310 179 1401 230 1118Δ

0 226 223 407 {captum
252 261 523 316 sentiebam,
557 270 634 315 ut,
670 258 896 324 quidquid
922 254 1007 302 otii
1035 251 1386 310 concederetur,

39 331 86 371 id
119 329 223 372 huic
259 321 533 390 potissimum
573 329 868 373 emendando
898 335 945 370 et
977 319 1264 383 expoliendo
1295 327 1385 368 ui-

0 391 11 443 i
38 400 182 445 buere
200 391 455 457 statuerem.
491 422 494 424 v
522 399 709 456 Itaque,
744 410 900 456 quum,
945 393 1165 453 perlectis
1192 394 1385 451 reliquis

3 463 269 523 Dialogis‚
305 469 352 509 in
378 466 632 510 dulcissimo
656 466 787 518 illo,
790 469 866 522 qui
887 459 1119 508 Phaedrus
1140 464 1384 520 inscriptus

2 529 127 585 est
155 535 328 576 maiore
349 548 454 576 cum
474 534 619 576 studio
643 532 894 583 haefissem,
935 530 1163 586 essemque
1185 529 1298 571 mihi
1319 533 1384 571 vi·

10 601 109 645 sus
131 603 178 643 in
202 599 384 661 singulis
410 600 509 646 fere
528 605 710 662 paginis
733 601 829 645 eius
852 600 987 660 plura
1012 602 1118 644 vitia
1143 595 1382 648 sustulisse,

0 658 207 727 Ρξεηὶιῃ
238 670 572 742 manifestiora,
617 675 783 731 partim
821 674 965 713 aciem
994 668 1130 712 facile
1164 668 1384 719 latentia;

0 727 335 800 &priusquam
341 752 463 782 meas
499 743 546 781 in
581 738 707 782 hunc
740 738 912 782 librum
947 731 1132 781 notulas
1177 737 1383 787 ederem,

0 811 135 872 gnon
164 806 375 849 alienum
410 810 591 865 putavi,
647 820 792 865 pauca
829 806 938 850 inde
977 807 1236 864 speciminis
1269 803 1381 857 loco

0 874 254 960 §perituris
287 872 415 917 hisce
447 875 617 919 chartis
652 875 896 928 mandare,
940 873 1118 930 aliaque
1151 870 1383 916 nonnulla

0 960 13 1028 Ξ
38 956 100 985 ex
132 942 234 986 aliis
267 941 398 986 libris
431 948 574 1002 petita
609 942 897 1001 subiungere
978 941 1108 987 Ouae
1151 941 1176 985 fi
1215 940 1391 983 harum·

0 1001 193 1083 {rerum
231 1010 606 1071 intelligentibus
648 1027 745 1055 non
784 1013 1050 1070 improbata
1080 1010 1279 1062 fuerint,
1330 1012 1383 1050 in

0 1083 12 1154 3
38 1092 181 1136 opere
210 1079 415 1120 instituto
445 1078 623 1122 strenue
651 1092 862 1137 pergam3
903 1078 963 1120 fin
993 1082 1166 1130 miuus,
1203 1090 1383 1128 eorum,

4 1149 120 1203 qui
140 1146 254 1189 haec
273 1146 373 1188 sunt
390 1146 641 1203 aliquando
664 1150 833 1190 rectius
860 1150 1028 1198 acturi,
1066 1145 1383 1204 magnitudine

12 1224 86 1257 et
121 1214 370 1272 publicis,
404 1218 572 1271 quibus
611 1214 704 1273 ipse
743 1214 897 1269 fruar,
947 1214 1275 1258 emolumentis
1309 1227 1384 1257 me

14 1333 18 1339 „
38 1281 331 1331 consolabor.

133 1417 186 1459 In
212 1414 419 1460 Phaedro
455 1422 623 1476 igitur,
662 1434 799 1477 quern
832 1418 1087 1462 sermonem
1119 1417 1251 1462 Plato
1287 1416 1381 1460 alio

0 1538 11 1546 ,⁴
40 1484 182 1543 longe
199 1519 211 1540 ,
235 1501 371 1542 quam
392 1487 533 1545 vulgo
558 1497 767 1545 putatur,
793 1487 983 1530 confilio
1007 1486 1198 1545 scripsit:
1232 1500 1381 1542 neque

41 1558 165 1599 euim
190 1555 246 1598 de
275 1555 498 1613 pulchro,
532 1572 681 1615 neque
705 1558 762 1600 de
782 1572 936 1600 amore
960 1555 1232 1616 potilfimum
1254 1559 1301 1598 in
1323 1569 1381 1598 eo

0 1617 12 1682 3
41 1626 159 1680 agit,
205 1623 278 1666 sed
311 1625 430 1667 illud
461 1629 507 1668 in
543 1629 703 1681 primis
724 1626 905 1689 videtur
935 1625 1168 1683 spectasse,
1201 1633 1253 1666 ut
1285 1628 1382 1667 ina-

2 1730 11 1756 3
41 1705 149 1733 nem
183 1691 489 1749 inutilemque
522 1700 566 1734 et
594 1692 806 1736 fallacem
837 1691 1075 1735 rhetorum
1105 1700 1247 1735 artem
1271 1707 1382 1735 con-

8 1762 273 1818 vinceret,
331 1775 383 1802 ac
414 1761 637 1804 melioris
647 1761 945 1817 eloquentiae
976 1768 1217 1818 praecepta
1249 1775 1383 1817 quae-

0 1818 147 1869 *idam
184 1831 398 1885 primaria
420 1829 645 1871 trau-:leret
676 1833 725 1871 in
754 1830 891 1871 huius
929 1833 1067 1885 igitur
1097 1829 1205 1870 libri
1244 1832 1381 1871 initio
1411 1854 1415 1858 -

0 1853 15 1996 3
42 1893 226 1956 Lysiae,
257 1895 549 1939 celeberrimi
572 1897 698 1940 illius
722 1900 945 1949 orato-ris,
971 1898 1222 1955 disputatio
1246 1910 1382 1954 quae·

0 1992 7 1999 2
44 1963 146 2005 dam
171 1969 393 2008 amatoria
414 1970 709 2024 proponitur,
747 1975 796 2008 ut
819 1967 1050 2010 Phaedms
1075 1967 1260 2030 quidem
1281 1968 1383 2024 opi·

42 2040 204 2084 natur,
238 2036 412 2090 probae
435 2043 481 2076 et
503 2034 734 2091 perfectae
765 2034 1081 2090 eloquentiae,
1124 2042 1175 2076 ut
1206 2035 1384 2078 Socrati

43 2103 248 2147 videtur,
283 2101 505 2158 speciosae
529 2104 653 2147 istius
682 2110 917 2159 vanaeque·
944 2104 1128 2148 dicendi
1158 2108 1267 2148 artis
1290 2103 1388 2161 spe··

44 2170 193 2212 cimen
227 2169 528 2213 luculentum.
598 2172 766 2215 Miram
800 2181 949 2215 autem
982 2179 1027 2215 et
1057 2186 1203 2230 prope
1233 2171 1385 2215 absur-

45 2238 148 2281 dam
195 2234 462 2283 sententiam
515 2238 665 2299 Lyfias
715 2238 1008 2293 defenderam
1066 2245 1250 2302 quippe*
1285 2254 1384 2283 nou

44 2310 302 2351 amantibus
328 2311 483 2366 potius
510 2301 649 2364 'quam
680 2312 960 2352 amatoribus
993 2310 1235 2367 gratificari
1272 2325 1386 2370 pue·

42 2389 121 2420 ros
144 2375 314 2420 debere
337 2379 570 2420 docuerat.
637 2377 780 2422 Cuius
810 2378 1135 2438 disputationis
1155 2383 1386 2437 recitatio-

43 2459 103 2487 ne
126 2443 255 2487 finita
282 2447 492 2489 Socrates
525 2460 552 2488 a
581 2450 746 2489 iuvene
776 2451 991 2498 invitatus
1013 2448 1147 2490 aliam
1177 2450 1385 2499 eiusdem

42 2513 226 2572 prorsus
257 2519 514 2572 argumenti
545 2507 806 2557 orationem
838 2516 1040 2568 orditur,
1076 2515 1146 2560 sed
1171 2533 1230 2560 ex
1254 2531 1387 2561 verae

0 2592 9 2646 3
42 2587 142 2645 eam
167 2587 274 2626 artis
299 2587 481 2627 ratione
503 2583 768 2629 institutam.
835 2585 909 2630 Ac
928 2590 1129 2644 primum
1145 2619 1157 2640 ,
1199 2588 1311 2644 quid
1334 2586 1387 2631 il·
